@misc{microissues,
    author    = {Tim Storer},
    title	= {{IntelliJ} {Microissue} {Plugin}},
    year = 2016,
    howpublished = {Internal project proposal, {University} of {Glasgow}, {School} of {Computing} {Science}}
}

@misc{tasksnavigation,
    author = {Vladislav Rassokhin},
    title = {{Tasks} {Navigation} {Plugin}},
    year = 2015,
    howpublished = {\url{https://plugins.jetbrains.com/plugin/7241}}
}

@misc {lifeofbugs,
    author = {Jorge Aranda and Gina Venolia},
    title = {{The} {Secret} {Life} of {Bugs}: {Going} {Past} the {Errors} and {Omissions} in {Software} {Repositories}},
    year = 2009,
    howpublished = {\url{http://www.cs.toronto.edu/~jaranda/pubs/secret.pdf}}
}

@misc {stateofpractice,
    author = {Timothy C. Lethbridge and Janice Singer and Andrew Forward},
    title = {{How} {Software} {Engineers} {Use} {Documentation}: {The} {State} of the {Practice}},
    year = 2003,
}

@misc {socialnature,
	author = {Dane Bertram},
    title = {The {Social} {Nature} of {Issue} {Tracking} in {Software} {Engineering}},
    year = 2009,
    howpublished = {\url{http://lsmr.org/docs/bertram_msc_2009.pdf}}
}

@misc {nonfunctional,
	author = {Ruth Malan and Dana Bredemeyer},
    title = {Defining {Non}-{Functional} {Requirements}},
    year = 2001,
    howpublished = {\url{http://www.bredemeyer.com/pdf_files/NonFunctReq.PDF}}
    }
    
    @misc{fuzzywuzzy,
    author = {msubhash},
    title = {{fuzzywuzzy-java}},
    howpublished = {\url{https://github.com/msubhash/fuzzywuzzy-java}}
}
    https://github.com/msubhash/fuzzywuzzy-java